<collection xmlns="http://www.loc.gov/MARC21/slim">
<record>
  <leader>01670nam0a2200289 i 450 </leader>
  <controlfield tag="001">IT\ICCU\CNCE\015610</controlfield>
  <controlfield tag="005">19990723000000.0</controlfield>
  <datafield tag="012" ind1=" " ind2=" ">
    <subfield code="a">i.er iade alIl uev- (C) 1583 (R)</subfield>
    <subfield code="2">fei</subfield>
  </datafield>
  <datafield tag="100" ind1=" " ind2=" ">
    <subfield code="a">19970101d1583        0itac0103    ba</subfield>
  </datafield>
  <datafield tag="101" ind1=" " ind2=" ">
    <subfield code="a">ITA</subfield>
  </datafield>
  <datafield tag="102" ind1=" " ind2=" ">
    <subfield code="a">IT</subfield>
  </datafield>
  <datafield tag="200" ind1="1" ind2=" ">
    <subfield code="a">Regole, constitutioni et aduertimenti communi da osseruarsi per tutti, fratelli et sorelle della venerabile Archicompagnia della Piet ̉de Carcerati di Roma, et sommario delle indulgenze  et facult ̉concesse da ... papa Gregorio XIII</subfield>
  </datafield>
  <datafield tag="210" ind1=" " ind2=" ">
    <subfield code="a">In Roma</subfield>
    <subfield code="c">per Giouanni Gigliotto</subfield>
    <subfield code="d">1583</subfield>
  </datafield>
  <datafield tag="215" ind1=" " ind2=" ">
    <subfield code="a">\2! c.</subfield>
    <subfield code="d">4ʻ</subfield>
  </datafield>
  <datafield tag="620" ind1=" " ind2=" ">
    <subfield code="a">IT</subfield>
    <subfield code="d">Roma</subfield>
  </datafield>
  <datafield tag="710" ind1="0" ind2="2">
    <subfield code="a">Arciconfraternita della Piet ̉dei Carcerati in S. Giovanni della Pigna</subfield>
    <subfield code="c"> &lt;Roma&gt;</subfield>
    <subfield code="3">3267</subfield>
  </datafield>
  <datafield tag="702" ind1=" " ind2="0">
    <subfield code="a">Gregorius</subfield>
    <subfield code="c"> &lt;papa</subfield>
    <subfield code="c"> ; 13.&gt;</subfield>
    <subfield code="3">IT\ICCU\CNCA\000020</subfield>
  </datafield>
  <datafield tag="712" ind1="0" ind2="0">
    <subfield code="a">Gigliotti, Giovanni</subfield>
    <subfield code="3">IT\ICCU\CNCT\000349</subfield>
    <subfield code="4">650</subfield>
  </datafield>
  <datafield tag="791" ind1="0" ind2="2">
    <subfield code="a">Arciconfraternita della Piet ̉dei Carcerati</subfield>
    <subfield code="c"> &lt;Roma&gt;</subfield>
    <subfield code="3">IT\ICCU\CNCT\004142</subfield>
    <subfield code="z">Arciconfraternita della Piet ̉dei Carcerati in S. Giovanni della Pigna &lt;Roma&gt;</subfield>
  </datafield>
  <datafield tag="791" ind1="0" ind2="2">
    <subfield code="a">Archicompagnia della Piet ̉dei Carcerati</subfield>
    <subfield code="c"> &lt;Roma&gt;</subfield>
    <subfield code="3">IT\ICCU\CNCT\004143</subfield>
    <subfield code="z">Arciconfraternita della Piet ̉dei Carcerati in S. Giovanni della Pigna &lt;Roma&gt;</subfield>
  </datafield>
  <datafield tag="790" ind1=" " ind2="1">
    <subfield code="a">Buoncompagni,</subfield>
    <subfield code="b">Ugo</subfield>
    <subfield code="3">IT\ICCU\CNCA\008198</subfield>
    <subfield code="z">Gregorius &lt;papa ; 13.&gt;</subfield>
  </datafield>
  <datafield tag="791" ind1="0" ind2="0">
    <subfield code="a">Osmarino, Giovanni</subfield>
    <subfield code="3">IT\ICCU\CNCT\002812</subfield>
    <subfield code="z">Gigliotti, Giovanni</subfield>
  </datafield>
  <datafield tag="791" ind1="0" ind2="0">
    <subfield code="a">Liliotus, Ioannes</subfield>
    <subfield code="3">IT\ICCU\CNCT\003841</subfield>
    <subfield code="z">Gigliotti, Giovanni</subfield>
  </datafield>
  <datafield tag="791" ind1="0" ind2="0">
    <subfield code="a">Osmarinus, Ioannes</subfield>
    <subfield code="3">IT\ICCU\CNCT\004878</subfield>
    <subfield code="z">Gigliotti, Giovanni</subfield>
  </datafield>
  <datafield tag="791" ind1="0" ind2="0">
    <subfield code="a">Gigliotto, Giovanni</subfield>
    <subfield code="3">IT\ICCU\CNCT\004880</subfield>
    <subfield code="z">Gigliotti, Giovanni</subfield>
  </datafield>
  <datafield tag="801" ind1=" " ind2="3">
    <subfield code="a">IT</subfield>
    <subfield code="b">ICCU</subfield>
    <subfield code="c">20201114</subfield>
  </datafield>
  <datafield tag="899" ind1=" " ind2=" ">
    <subfield code="a">Biblioteca del Senato della Repubblica Giovanni Spadolini. Roma</subfield>
    <subfield code="1">RM0427</subfield>
    <subfield code="2">ZRM 12</subfield>
  </datafield>
</record>
</collection>
